@inproceedings{mcnally2018co,
  title={Co-designing Mobile Online Safety Applications with Children},
  author={McNally, Brenna and Kumar, Priya and Hordatt, Chelsea and Mauriello, Matthew Louis and Naik, Shalmali and Norooz, Leyla and Shorter, Alazandra and Golub, Evan and Druin, Allison},
  booktitle={Proceedings of the 2018 CHI Conference on Human Factors in Computing Systems},
  pages={523},
  year={2018},
  organization={ACM}
}

@inproceedings{chaves2018single,
  title={Single or Multiple Conversational Agents?: An Interactional Coherence Comparison},
  author={Chaves, Ana Paula and Gerosa, Marco Aurelio},
  booktitle={Proceedings of the 2018 CHI Conference on Human Factors in Computing Systems},
  pages={191},
  year={2018},
  organization={ACM}
}

@inproceedings{robinson2018make,
  title={Make Yourself at Phone: Reimagining Mobile Interaction Architectures With Emergent Users},
  author={Robinson, Simon and Pearson, Jennifer and Reitmaier, Thomas and Ahire, Shashank and Jones, Matt},
  booktitle={Proceedings of the 2018 CHI Conference on Human Factors in Computing Systems},
  pages={407},
  year={2018},
  organization={ACM}
}